@article{Calonge_2018,
  doi       = {10.22320/07183607.2018.21.38.04},
  url       = {https://doi.org/10.22320/07183607.2018.21.38.04},
  year      = {2018},
  month     = nov,
  publisher = {Universidad del Bio Bio},
  volume    = {21},
  number    = {38},
  pages     = {48-57},
  author    = {Fernando Calonge-Reillo},
  title     = {Recursos de movilidad y accesibilidad urbana en los municipios del sur del a{\'}rea metropolitana de Guadalajara,  Me{\'}xico}
}
@article{Soberon_2021,
  author  = {José Soberón-Mora y Juan González-Becerril y Rodrigo Aguilar-Zepeda y Eduardo Sandoval-Forero},
  title   = { Movilidad laboral urbana y Covid-19: los casos de tres zonas metropolitanas de México},
  journal = {Papeles de Población},
  volume  = {27},
  number  = {107},
  year    = {2021},
  issn    = {2448-7147},
  pages   = {221-242},
  url     = {https://rppoblacion.uaemex.mx/article/view/15912}
}
@phdthesis{key,
  author = {},
  school = {},
  title  = {},
  year   = {},
  url    = {http://hdl.handle.net/11117/6134}
}