@misc{poligono_2018,
  author = {{Gobierno de Guadalajara}},
  title  = {Plan Rector Polígono de Intervención Urbana Especial
            (PIUE) 13 Industrial},
  year   = {2018},
  url    = {https:/transparencia.guadalajara.gob.mx/sites/default/files/GacetaTomoVEjemplar21Secc1aOctubre22-2018.pdf}
}
@misc{clima_guadalajara,
  author = {{Weather spark}},
  url    = {https://es.weatherspark.com/y/3866/Clima-promedio-en-Guadalajara-M%C3%A9xico-durante-todo-el-a%C3%B1o},
  title  = {El clima y el tiempo promedio en todo el año en Guadalajara}
}
@misc{mibici_data,
  author = {Datos abiertos, MiBici},
  url    = {https://www.mibici.net/es/datos-abiertos/}
}
@book{hall_1978,
  author    = {Hall, Eduard T.},
  publisher = {México : Siglo XXI},
  title     = {La dimensión oculta},
  year      = {1978}
}
@article{pastori_2018,
  author  = {Pastori , E and Brambilla, M and Maffii, S and Vergnani, R and Gualandi, E and Skinner, I},
  journal = {TRAN Committee},
  title   = {Modal shift in European transport: a way forward},
  year    = {2018},
  url     = {https://www.europarl.europa.eu/thinktank/en/document/IPOL_STU(2018)629182}
}
@article{CEPAL_2015,
  author  = {{Comisión Económica para América Latina y el Caribe}},
  journal = {CEPAL},
  title   = {Observatorio Demográfico de América Latina 2014: Proyecciones de población},
  year    = {2015},
  url     = {http://hdl.handle.net/11362/39228}
}